@BOOK{childs_temperature,
    title = {Practical Temperature Measurement},
    publisher = {Butterworth - Heinemann},
    year = {2001},
    author = {Childs, Peter R N},
    address = {Great Britain},
    edition = {1},
    isbn = {0 7506 5080 X}
}
